% This file was created with JabRef 2.10.
% Encoding: UTF8


@Manual{Arseneau2013,
  Title                    = {The \NomPack{cancel} package},
  Author                   = {Arseneau, Donald},
  Keywords                 = {package},
  Language                 = {Anglais},
  Pagetotal                = {2},
  Url                      = {http://ctan.mines-albi.fr/macros/latex/contrib/cancel/cancel.pdf},
  Year                     = {2013},
  Edition                  = {version 2.2},
  Month                    = {4}
}

@Manual{Baudoin2012,
  Title                    = {Apprends \LaTeX{}!},
  Author                   = {Baudoin, Marc},
  Keywords                 = {internet},
  Language                 = {Français},
  Pagetotal                = {220},
  Url                      = {http://www.babafou.eu.org/Apprends_LaTeX/Apprends_LaTeX.pdf},
  Year                     = {2012}
}

@Manual{Bezos2011,
  Title                    = {The \NomPack{titlesec}, \NomPack{titleps} and \NomPack{titletoc} Packages},
  Author                   = {Bezos, Javier},
  Keywords                 = {package},
  Language                 = {Anglais},
  Pagetotal                = {24},
  Url                      = {http://mirror.ibcp.fr/pub/CTAN/macros/latex/contrib/titlesec/titlesec.pdf},
  Year                     = {2011},
  Edition                  = {version 2.10.0},
  Month                    = {12},

  Pages                    = {1-12}
}

@Manual{Bezos2011a,
  Title                    = {Customizing lists with the \NomPack{enumitem} package},
  Author                   = {Bezos, Javier},
  Keywords                 = {package},
  Language                 = {Anglais},
  Pagetotal                = {17},
  Url                      = {http://mirrors.ircam.fr/pub/CTAN/macros/latex/contrib/enumitem/enumitem.pdf},
  Year                     = {2011},
  Edition                  = {version 3.5.2},
  Month                    = {9}
}

@Book{Bitouze2010,
  Title                    = {\LaTeX, l'essentiel},
  Author                   = {Bitouzé, Denis and Charpentier, Jean-Côme},
  ISBN                     = {978-2-7440-7451-6},
  Keywords                 = {apprentissage},
  Language                 = {Français},
  Month                    = {9},
  Pagetotal                = {372},
  Publisher                = {Pearson France},
  Year                     = {2010}
}

@Manual{Braams2014,
  Title                    = {Babel},
  Author                   = {Braams, Johannes L.},
  Keywords                 = {package},
  Language                 = {Anglais},
  Pagetotal                = {119},
  Url                      = {http://ftp.oleane.net/pub/CTAN/macros/latex/required/babel/base/babel.pdf},
  Year                     = {2014},
  Edition                  = {version 3.9l},
  Month                    = {9},
  Note                     = {Mises à jour par Javier \bsc{Bezos}}
}

@Manual{Caignaert2010,
  Title                    = {Kp-Fonts},
  Author                   = {Caignaert, Christophe},
  Keywords                 = {package},
  Language                 = {Français},
  Pagetotal                = {13},
  Url                      = {http://distrib-coffee.ipsl.jussieu.fr/pub/mirrors/ctan/fonts/kpfonts/doc/Kpfonts-Doc-French.pdf},
  Year                     = {2010},
  Edition                  = {version 3.31},
  Month                    = {8},
  Note                     = {Voir aussi : \url{http://mirrors.ircam.fr/pub/CTAN/fonts/kpfonts/doc/kpfonts-abstract.pdf}}
}

@Manual{Carlisle2014,
  Title                    = {The \NomPack{tabularx} package},
  Author                   = {Carlisle, David},
  Keywords                 = {package},
  Language                 = {Anglais},
  Pagetotal                = {13},
  Url                      = {http://mirrors.ircam.fr/pub/CTAN/macros/latex/required/tools/tabularx.pdf},
  Year                     = {2014},
  Edition                  = {version 2.10},
  Month                    = {10}
}

@Manual{Charpentier2013,
  Title                    = {XLOP},
  Author                   = {Charpentier, Jean-Côme},
  Keywords                 = {package},
  Language                 = {Français},
  Pagetotal                = {54},
  Url                      = {http://ftp.oleane.net/pub/CTAN/macros/generic/xlop/doc/xlop-doc-fr.pdf},
  Year                     = {2013},
  Edition                  = {version 0.25},
  Month                    = {2}
}

@Manual{Ensenbach2013,
  Title                    = {Liste des péchés des utilisateurs de \LaTeX $2\varepsilon$},
  Author                   = {Ensenbach, Marc and Trettin, Mark},
  Keywords                 = {divers},
  Language                 = {Français},
  Pagetotal                = {29},
  Url                      = {http://ctan.mines-albi.fr/info/l2tabu/french/l2tabufr.pdf},
  Year                     = {2013},
  Month                    = {7},
  Note                     = {Traduit par Bernard \bsc{Alfonsi}}
}

@Manual{Flipo2014,
  Title                    = {A Babel language definition file for French},
  Author                   = {Flipo, Daniel},
  Keywords                 = {package},
  Language                 = {Anglais},
  Pagetotal                = {70},
  Url                      = {http://mirrors.ircam.fr/pub/CTAN/macros/latex/contrib/babel-contrib/french/frenchb.pdf},
  Year                     = {2014},
  Edition                  = {version 3.1c},
  Month                    = {10}
}

@Book{Goosens2007,
  Title                    = {The \LaTeX{} Graphics Companion},
  Author                   = {Goosens, Michel and Mittelbach, Frank and Rahtz, Sebastian and Roegel, Denis and Vo\ss, Herbert},
  ISBN                     = {978-0-321-50892-8},
  Keywords                 = {companion},
  Language                 = {Anglais},
  Month                    = {07},
  Pagetotal                = {925},
  Publisher                = {Addison-Wesley},
  Year                     = {2007},
  Edition                  = {2\ieme{} éd.}
}

@Manual{Hgholm2014,
  Title                    = {The \NomPack{mathtools} package},
  Author                   = {H{\o}gholm, Morten and Madsen, Lars},
  Keywords                 = {package},
  Language                 = {Anglais},
  Pagetotal                = {35},
  Url                      = {http://ctan.mines-albi.fr/macros/latex/contrib/mathtools/mathtools.pdf},
  Year                     = {2014},
  Edition                  = {version 1.15},
  Month                    = {8}
}

@Manual{Harders2007,
  Title                    = {L'extension \NomPack{numprint}},
  Author                   = {Harders, Harald},
  Keywords                 = {package},
  Language                 = {Français},
  Pagetotal                = {23},
  Url                      = {http://yvon-henel.fr/texnicien/docs/numprint/f-numprint.pdf},
  Year                     = {2007},
  Month                    = {3},
  Note                     = {Traduit de l'anglais par le \textit{\TeX nicien de surface}}
}

@Manual{Hideo2010,
  Title                    = {The \NomPack{geometry} package},
  Author                   = {Umeki Hideo},
  Keywords                 = {package},
  Language                 = {Anglais},
  Pagetotal                = {42},
  Url                      = {http://distrib-coffee.ipsl.jussieu.fr/pub/mirrors/ctan/macros/latex/contrib/geometry/geometry.pdf},
  Year                     = {2010},
  Edition                  = {version 5.6},
  Month                    = {9}
}

@Manual{Kern2007,
  Title                    = {Extending \LaTeX’s color facilities: the \NomPack{xcolor} package},
  Author                   = {Kern, Uwe},
  Keywords                 = {package},
  Language                 = {Anglais},
  Pagetotal                = {65},
  Url                      = {http://mirror.ibcp.fr/pub/CTAN/macros/latex/contrib/xcolor/xcolor.pdf},
  Year                     = {2007},
  Edition                  = {version 2.11},
  Month                    = {1}
}

@Book{Knuth2003,
  Title                    = {Le \TeX{} book},
  Author                   = {Knuth, Donald Ervin},
  ISBN                     = {978-2-7117-4819-7},
  Keywords                 = {sorcellerie},
  Language                 = {Français},
  Month                    = {10},
  Pagetotal                = {555},
  Publisher                = {Vuibert},
  Year                     = {2003},
  Note                     = {Traduit de l'anglais par Jean-Côme \bsc{Charpentier}}
}

@Book{Lozano2008,
  Title                    = {Tout ce que vous avez toujours voulu savoir sur \LaTeX{} sans jamais oser le demander},
  Author                   = {Lozano, Vincent},
  ISBN                     = {978-2-35209-149-3},
  Keywords                 = {apprentissage, sorcellerie},
  Language                 = {Français},
  Month                    = {9},
  Pagetotal                = {313},
  Publisher                = {In Libro Veritas},
  Year                     = {2008},
  Edition                  = {version 1.0},

  Url                      = {http://framabook.org/5-tout-ce-que-vous-avez-toujours-voulu-savoir-sur-latex-sans-jamais-oser-le-demander/}
}

@Manual{Matthes2011,
  Title                    = {Tkz-Tab},
  Author                   = {Matthes, Alain},
  Keywords                 = {package},
  Language                 = {Français},
  Pagetotal                = {83},
  Url                      = {http://ctan.mines-albi.fr/macros/latex/contrib/tkz/tkz-tab/doc/tkz-tab-screen.pdf},
  Year                     = {2011},
  Edition                  = {version 1.1c},
  Month                    = {6}
}

@Manual{McDonnell2002,
  Title                    = {The \NomPack{sectsty} package},
  Author                   = {McDonnell, Rowland},
  Keywords                 = {package},
  Language                 = {Anglais},
  Pagetotal                = {16},
  Url                      = {http://ftp.oleane.net/pub/CTAN/macros/latex/contrib/sectsty/sectsty.pdf},
  Year                     = {2002},
  Edition                  = {version 2.0.2},
  Month                    = {2}
}

@Manual{Mittelbach2014,
  Title                    = {An environment for multicolumn output},
  Author                   = {Mittelbach, Frank},
  Keywords                 = {package},
  Language                 = {Anglais},
  Pagetotal                = {32},
  Url                      = {http://mirrors.ircam.fr/pub/CTAN/macros/latex/required/tools/multicol.pdf},
  Year                     = {2014},
  Edition                  = {version 1.8i},
  Month                    = {10}
}

@Book{Mittelbach2007,
  Title                    = {\LaTeX{} Companion},
  Author                   = {Mittelbach, Frank and Goosens, Michel},
  ISBN                     = {978-2-7440-7133-1},
  Keywords                 = {companion},
  Language                 = {Français},
  Month                    = {6},
  Pagetotal                = {1008},
  Publisher                = {Pearson Education France},
  Year                     = {2007},
  Edition                  = {2\ieme\ éd.},
  Note                     = {Traduit de l'anglais par Jacques \bsc{André}, Benoît \bsc{Belet}, Jean-Côme \bsc{Charpentier}, Jean-Michel \bsc{Hufflen} et Yves \bsc{Soulet}}
}

@Manual{Pakin2009,
  Title                    = {The Comprehensive \LaTeX{} Symbol List},
  Author                   = {Pakin, Scott},
  Keywords                 = {divers},
  Language                 = {Anglais},
  Pagetotal                = {164},
  Url                      = {http://www.tex.ac.uk/ctan/info/symbols/comprehensive/symbols-a4.pdf},
  Year                     = {2009},
  Month                    = {11}
}

@Manual{Pasquet2014,
  Title                    = {pas-tableur.sty},
  Author                   = {Pasquet, Stéphane},
  Keywords                 = {package},
  Language                 = {Français},
  Pagetotal                = {6},
  Url                      = {http://mirror.ibcp.fr/pub/CTAN/macros/latex/contrib/pas-tableur/doc/pas-tableur.pdf},
  Year                     = {2014},
  Edition                  = {version 2.00},
  Month                    = {8}
}

@Manual{Pasquet2013,
  Title                    = {Initiation à \LaTeX},
  Author                   = {Pasquet, Stéphane},
  Keywords                 = {internet},
  Language                 = {Français},
  Pagetotal                = {113},
  Url                      = {http://www.mathweb.fr/latex/Initiation.pdf},
  Year                     = {2013},
  Month                    = {11}
}

@Manual{Pegourie-Gonnard2010,
  Title                    = {Conseils pour bien taper un document avec \LaTeX},
  Author                   = {Pégourié-Gonnard, Manuel},
  Keywords                 = {divers},
  Language                 = {Français},
  Pagetotal                = {22},
  Url                      = {http://www.math.ens.fr/~millien/tdlatex/conseils_latex.pdf},
  Year                     = {2010}
}

@Manual{Pegourie-Gonnard2008,
  Title                    = {Apprentissage et pratique de \LaTeX},
  Author                   = {Pégourié-Gonnard, Manuel},
  Keywords                 = {internet},
  Language                 = {Français},
  Pagetotal                = {111},
  Url                      = {http://pgoutet.free.fr/latex/poly.pdf},
  Year                     = {2008}
}

@Manual{Tellechea2014,
  Title                    = {spreadtab},
  Author                   = {Tellechea, Christian},
  Keywords                 = {package},
  Language                 = {Français},
  Pagetotal                = {27},
  Url                      = {http://mirror.ibcp.fr/pub/CTAN/macros/latex/contrib/spreadtab/spreadtab_doc_fr.pdf},
  Year                     = {2014},
  Edition                  = {version 0.4c},
  Month                    = {11}
}

@Manual{Vos2008,
  Title                    = {Math mode},
  Author                   = {Vo{\ss}, Herbert},
  Keywords                 = {divers},
  Language                 = {Anglais},
  Pagetotal                = {157},
  Url                      = {http://mirrors.ircam.fr/pub/CTAN/info/math/voss/mathmode/Mathmode.pdf},
  Year                     = {2008},
  Edition                  = {version 2.32},
  Month                    = {2}
}

@Electronic{dsfont-pack,
  Title                    = {Math symbols defined by LaTeX package \NomPack{dsfont}},

  Keywords                 = {package},
  Language                 = {Anglais},
  Pagetotal                = {1},
  Url                      = {http://milde.users.sourceforge.net/LUCR/Math/mathpackages/dsfont-symbols.pdf},

  Unknown                  = {blabla}
}

@Electronic{mathcalig,
  Title                    = {Using script fonts in \LaTeX{} : \NomPack{mathrsfs} package},

  Keywords                 = {package},
  Language                 = {Anglais},
  Pagetotal                = {1},
  Url                      = {http://www.stat.colostate.edu/~vollmer/pdfs/typesetting-script.pdf},

  Unknown                  = {blabla}
}

@Manual{2010,
  Title                    = {Liste de commandes \LaTeX},
  Keywords                 = {divers},
  Language                 = {Français},
  Pagetotal                = {85},
  Url                      = {http://www.math.ens.fr/~millien/tdlatex/liste_commandes.pdf},
  Year                     = {2010},
  Month                    = {4}
}

