@BOOK{toutLatex, 
	AUTHOR		= {Lozano , Vincent},
	TITLE		= {Tout ce que vous avez toujours voulu savoir sur {\LaTeX} sans jamais oser le demander} ,
	PUBLISHER	= {In Libro Veritas} ,
	MONTH		= oct ,
	YEAR		= 2008 ,
	ISBN		= {2-352-09149-7} ,
	URL		= {http://www.framabook.org/latex.html} ,
	LANGUAGE	= {french} ,
}



@BOOK{introductionLatex, 
	AUTHOR		= {Bitouz\'e, Denis  and  Charpentier, Jean-C\^{o}me} ,
	TITLE		= {Introduction à {\LaTeX }} ,
	PUBLISHER	= {Pearson} ,
	MONTH		= jul ,
	YEAR		= 2010 ,
	ISBN		= {2-7440-7451-9} ,
	URL		= {http://www.pearson.fr/livre/?GCOI=27440100259650} ,
	LANGUAGE	= {french} ,
}


@Book{companionfr,
  author =       {Frank Mittelbach and Michel Goossens},
  title =        {\LaTeX\ Companion},
  publisher =    {Pearson Education},
  year =         {2005},
  note = { Traduction française de  J. Andr\'{e},  B. Belet,  J.-C. Charpentier, J.-M. Hufflen et Y. Soulet} 
}

@BOOK{rolland1999,
	TITLE     = "{{\LaTeX}} par la pratique",
	AUTHOR    = "Christian Rolland",
	URL       = {Rolland.Christian@wanafoo.fr},
	PUBLISHER = "{\'E}ditions O'Reilly",
	ADDRESS   = "18, rue S{\'e}guier, 75006 PARIS",
	ISBN      = "2-84177-073-7",
	MONTH     = oct,
	YEAR      = 1999
	}